<?xml version="1.0" encoding="UTF-8"?><record xmlns="http://www.loc.gov/MARC21/slim" xmlns:cinclude="http://apache.org/cocoon/include/1.0" xmlns:zs="http://www.loc.gov/zing/srw/">
  <leader>00429cz  a2200133n  4500</leader>
  <controlfield tag="001">n  96031739 </controlfield>
  <controlfield tag="003">DLC</controlfield>
  <controlfield tag="005">19970527163737.1</controlfield>
  <controlfield tag="008">960401n| acannaab|          |n aaa |||  </controlfield>
  <datafield tag="010" ind1=" " ind2=" ">
    <subfield code="a">n  96031739 </subfield>
  </datafield>
  <datafield tag="040" ind1=" " ind2=" ">
    <subfield code="a">DLC</subfield>
    <subfield code="c">DLC</subfield>
    <subfield code="d">DLC</subfield>
  </datafield>
  <datafield tag="100" ind1="1" ind2="0">
    <subfield code="a">Landman, Sylvia</subfield>
  </datafield>
  <datafield tag="670" ind1=" " ind2=" ">
    <subfield code="a">Her Crafting for dollars, 1996:</subfield>
    <subfield code="b">CIP t.p. (Sylvia Landman)</subfield>
  </datafield>
  <datafield tag="670" ind1=" " ind2=" ">
    <subfield code="a">Make your quilting pay for itself, c1997:</subfield>
    <subfield code="b">CIP t.p. (Sylvia Ann Landman) data sheet (b. 12-23-38)</subfield>
  </datafield>
</record>